@Article{Dojchinovski,
author = {Dojchinovski, Milan and Reddy, Dinesh and Kliegr, Tomáš and Vitvar, Tomas and Sack, Harald},
year = {2016},
pages = {1},
title = {Crowdsourced Corpus with Entity Salience Annotations}
}

@book{Jurafsky,
 author = {Jurafsky, Daniel and Martin, James H.},
 title = {Speech and Language Processing: An Introduction to Natural Language Processing, Computational Linguistics, and Speech Recognition},
 year = {2018},
pages = {23-24}
 edition = {3rd},
} 

